@misc{rust-installation, 
  title = "{Rust Installation}",
  howpublished = {\url{https://www.rust-lang.org/en-US/install.html}},
  note 	= {Abgerufen am 28.03.2018}
}

@misc{github-avr-rust, 
  title = "{GitHub: AVR-Rust-Compiler}",
  howpublished = {\url{https://github.com/avr-rust/rust}},
  note 	= {Abgerufen am 03.08.2018}
}

@misc{github-avr-rust-blinky, 
  title = "{GitHub: Hello World AVR-Rust-Programm}",
  howpublished = {\url{https://github.com/avr-rust/blink}},
  note 	= {Abgerufen am 05.08.2018}
}

@misc{xargo-workaraound, 
  title = "{Foreneintrag: AVR support not working in avr-rust}",
  howpublished = {\url{https://users.rust-lang.org/t/solved-avr-support-not-working-in-avr-rust-xargo/14869/6}},
  note 	= {Abgerufen am 28.03.2018}
}

@misc{github-arduino, 
  title = "{GitHub: Rust-Arduino-Library}",
  howpublished = {\url{https://github.com/avr-rust/ruduino}},
  note 	= {Abgerufen am 05.08.2018}
}

@misc{github-libcore, 
  title = "{GitHub: Rust-Standarbibliothek f√ºr AVR}",
  howpublished = {\url{https://github.com/avr-rust/libcore}},
  note 	= {Abgerufen am 05.08.2018}
}

@manual{rust-doc,
    organization  = "The Rust Project Developers",
    title         = "\href{https://doc.rust-lang.org/book/}{The Rust Programming Language}",
    year          =  2011
}

@misc{rust-doc-macros, 
  title = "{Rust-Dokumentation: Makros}",
  howpublished = {\url{https://doc.rust-lang.org/book/first-edition/macros.html}},
  note 	= {Abgerufen am 14.04.2018}
}

@misc{avr-ubuntu, 
  title = "{Tutorial: AVR auf Ubuntu}",
  howpublished = {\url{https://wiki.ubuntuusers.de/AVR/}},
  note 	= {Abgerufen am 28.03.2018}
}

@manual{esp8266-cmds,
    organization  = "Espressif Inc.",
    title         = "\href{https://www.espressif.com/sites/default/files/documentation/4A-ESP8266_AT_Instruction_Set__EN.pdf}{ESP8266 AT Instruction Set}",
    year          =  2017
}

@manual{ds18b20-datasheet,
    organization  = "Maxim Integrated",
    title         = "\href{https://datasheets.maximintegrated.com/en/ds/DS18B20.pdf}{DS18B20 Datenblatt}",
    year          =  2015
}
